@article{jerrum1986,
  title={Random generation of combinatorial structures from a uniform distribution},
  author={Jerrum, Mark R and Valiant, Leslie G and Vazirani, Vijay V},
  journal={Theoretical computer science},
  volume={43},
  pages={169--188},
  year={1986},
  publisher={Elsevier}
}

@article{cooper1990,
  title={The computational complexity of probabilistic inference using Bayesian belief networks},
  author={Cooper, Gregory F},
  journal={Artificial Intelligence},
  volume={42},
  number={2-3},
  pages={393--405},
  year={1990},
  publisher={Elsevier}
}

@article{dagum1993,
  title={Approximating probabilistic inference in Bayesian belief networks is NP-hard},
  author={Dagum, Paul and Luby, Michael},
  journal={Artificial Intelligence},
  volume={60},
  number={1},
  pages={141--153},
  year={1993},
  publisher={Elsevier}
}

@article{dagum1997optimal,
  title={An optimal approximation algorithm for Bayesian inference},
  author={Dagum, Paul and Luby, Michael},
  journal={Artificial Intelligence},
  volume={93},
  number={1-2},
  pages={1--27},
  year={1997},
  publisher={Elsevier}
}

@article{ackerman2019computability,
  title={On the computability of conditional probability},
  author={Ackerman, Nathanael L and Freer, Cameron E and Roy, Daniel M},
  journal={Journal of the ACM (JACM)},
  volume={66},
  number={3},
  pages={1--40},
  year={2019},
  publisher={ACM New York, NY, USA}
}

@article{kwisthout2018approximate,
  title={Approximate inference in Bayesian networks: Parameterized complexity results},
  author={Kwisthout, Johan},
  journal={International Journal of Approximate Reasoning},
  volume={93},
  pages={119--131},
  year={2018},
  publisher={Elsevier}
}

@inproceedings{akmal2022majority,
  title={majority-3sat (and related problems) in polynomial time},
  author={Akmal, Shyan and Williams, Ryan},
  booktitle={2021 IEEE 62nd Annual Symposium on Foundations of Computer Science (FOCS)},
  pages={1033--1043},
  year={2022},
  organization={IEEE}
}

@inproceedings{tantau2022satisfaction,
author = {Tantau, Till},
title = {On the satisfaction probability of k-CNF formulas},
year = {2022},
isbn = {9783959772419},
publisher = {Schloss Dagstuhl--Leibniz-Zentrum fuer Informatik},
address = {Dagstuhl, DEU},
url = {https://doi.org/10.4230/LIPIcs.CCC.2022.2},
doi = {10.4230/LIPIcs.CCC.2022.2},
abstract = {The satisfaction probability σ(ϕ) := Prβ:vars(ϕ)→{0,1}[β|= ϕ] of a propositional formula ϕ is the likelihood that a random assignment β makes the formula true. We study the complexity of the problem kSAT-PROB>δ = {ϕ is a kCNF formula | σ(ϕ) > δ} for fixed k and δ. While 3SAT-PROB>0 = 3SAT is NP-complete and SAT-PROB>1/2 is PP-complete, Akmal and Williams recently showed 3SAT-PROB>1/2 ∈ P and 4SAT-PROB>1/2 ∈ NP-complete; but the methods used to prove these striking results stay silent about, say, 4SAT-PROB>3/4, leaving the computational complexity of kSAT-PROB>δ open for most k and δ. In the present paper we give a complete characterization in the form of a trichotomy: kSAT-PROB>δ lies in AC0, is NL-complete, or is NP-complete; and given k and δ we can decide which of the three applies. The proof of the trichotomy hinges on a new order-theoretic insight: Every set of kCNF formulas contains a formula of maximal satisfaction probability. This deceptively simple result allows us to (1) kernelize kSAT-PROB≥δ, (2) show that the variables of the kernel form a strong backdoor set when the trichotomy states membership in AC0 or NL, and (3) prove a locality property by which for every kCNF formula ϕ we have σ(ϕ) ≥ δ iff σ(Ψ) ≥ δ for every fixed-size subset Ψ of ϕ's clauses. The locality property will allow us to prove a conjecture of Akmal and Williams: The majority-of-majority satisfaction problem for kCNFS lies in P for all k.},
booktitle = {Proceedings of the 37th Computational Complexity Conference},
articleno = {2},
numpages = {27},
keywords = {kernelization, locality, majority {k}-sat, satisfaction probability, well orderings},
location = {Philadelphia, Pennsylvania},
series = {CCC '22}
}

@article{moitra2019approximate,
  title={Approximate counting, the Lov{\'a}sz local lemma, and inference in graphical models},
  author={Moitra, Ankur},
  journal={Journal of the ACM (JACM)},
  volume={66},
  number={2},
  pages={1--25},
  year={2019},
  publisher={ACM New York, NY, USA}
}

@article{aaronson2014equivalence,
  title={The equivalence of sampling and searching},
  author={Aaronson, Scott},
  journal={Theory of Computing Systems},
  volume={55},
  number={2},
  pages={281--298},
  year={2014},
  publisher={Springer}
}

@article{yamakami1999polynomial,
  title={Polynomial time samplable distributions},
  author={Yamakami, Tomoyuki},
  journal={Journal of Complexity},
  volume={15},
  number={4},
  pages={557--574},
  year={1999},
  publisher={Elsevier}
}

@inproceedings{feige2002relations,
  title={Relations between average case complexity and approximation complexity},
  author={Feige, Uriel},
  booktitle={Proceedings of the thiry-fourth annual ACM symposium on Theory of computing},
  pages={534--543},
  year={2002}
}

@inproceedings{li2021hierarchical,
  title={On the hierarchical community structure of practical Boolean formulas},
  author={Li, Chunxiao and Chung, Jonathan and Mukherjee, Soham and Vinyals, Marc and Fleming, Noah and Kolokolova, Antonina and Mu, Alice and Ganesh, Vijay},
  booktitle={Theory and Applications of Satisfiability Testing--SAT 2021: 24th International Conference, Barcelona, Spain, July 5-9, 2021, Proceedings 24},
  pages={359--376},
  year={2021},
  organization={Springer}
}

@misc{f_information,
    title={f-divergences},
    author={Yury Polyanskiy},
    note={Lecture notes},
    url={https://people.lids.mit.edu/yp/homepage/data/LN_fdiv.pdf}
}


@inproceedings{freer2010probabilistic,
  title={When are probabilistic programs probably computationally tractable?},
  author={Freer, Cameron E and Mansinghka, Vikash K and Roy, Daniel M},
  booktitle={NIPS Workshop on Monte Carlo Methods for Modern Applications},
  year={2010}
}

@misc{edmonds2017concepts,
  title={Concepts of Computationally Efficient Samplability},
  author={Edmonds, Alex},
  year={2017},
  note={Master's degree thesis, University of Toronto},
}

@book{weihrauch2012computable,
  title={Computable analysis: an introduction},
  author={Weihrauch, Klaus},
  year={2000},
  publisher={Springer Science \& Business Media}
}

@phdthesis{mansinghka2009natively,
  title={Natively probabilistic computation},
  author={Mansinghka, Vikash Kumar and others},
  year={2009},
  school={Citeseer}
}

@book{arora2009computational,
  title={Computational complexity: a modern approach},
  author={Arora, Sanjeev and Barak, Boaz},
  year={2009},
  publisher={Cambridge University Press}
}