@article{jerrum1986,
  title={Random generation of combinatorial structures from a uniform distribution},
  author={Jerrum, Mark R and Valiant, Leslie G and Vazirani, Vijay V},
  journal={Theoretical computer science},
  volume={43},
  pages={169--188},
  year={1986},
  publisher={Elsevier}
}

@article{cooper1990,
  title={The computational complexity of probabilistic inference using Bayesian belief networks},
  author={Cooper, Gregory F},
  journal={Artificial intelligence},
  volume={42},
  number={2-3},
  pages={393--405},
  year={1990},
  publisher={Elsevier}
}

@article{dagum1993,
  title={Approximating probabilistic inference in Bayesian belief networks is NP-hard},
  author={Dagum, Paul and Luby, Michael},
  journal={Artificial intelligence},
  volume={60},
  number={1},
  pages={141--153},
  year={1993},
  publisher={Elsevier}
}

@article{dagum1997optimal,
  title={An optimal approximation algorithm for Bayesian inference},
  author={Dagum, Paul and Luby, Michael},
  journal={Artificial Intelligence},
  volume={93},
  number={1-2},
  pages={1--27},
  year={1997},
  publisher={Elsevier}
}

@article{ackerman2019computability,
  title={On the computability of conditional probability},
  author={Ackerman, Nathanael L and Freer, Cameron E and Roy, Daniel M},
  journal={Journal of the ACM (JACM)},
  volume={66},
  number={3},
  pages={1--40},
  year={2019},
  publisher={ACM New York, NY, USA}
}

@article{kwisthout2018approximate,
  title={Approximate inference in Bayesian networks: Parameterized complexity results},
  author={Kwisthout, Johan},
  journal={International Journal of Approximate Reasoning},
  volume={93},
  pages={119--131},
  year={2018},
  publisher={Elsevier}
}

@inproceedings{akmal2022majority,
  title={majority-3sat (and related problems) in polynomial time},
  author={Akmal, Shyan and Williams, Ryan},
  booktitle={2021 IEEE 62nd Annual Symposium on Foundations of Computer Science (FOCS)},
  pages={1033--1043},
  year={2022},
  organization={IEEE}
}

@article{tantau2022satisfaction,
  title={On the Satisfaction Probability of $ k $-CNF Formulas},
  author={Tantau, Till},
  journal={arXiv preprint arXiv:2201.08895},
  year={2022}
}

@article{moitra2019approximate,
  title={Approximate counting, the Lov{\'a}sz local lemma, and inference in graphical models},
  author={Moitra, Ankur},
  journal={Journal of the ACM (JACM)},
  volume={66},
  number={2},
  pages={1--25},
  year={2019},
  publisher={ACM New York, NY, USA}
}

@article{aaronson2014equivalence,
  title={The equivalence of sampling and searching},
  author={Aaronson, Scott},
  journal={Theory of Computing Systems},
  volume={55},
  number={2},
  pages={281--298},
  year={2014},
  publisher={Springer}
}

@article{yamakami1999polynomial,
  title={Polynomial time samplable distributions},
  author={Yamakami, Tomoyuki},
  journal={journal of complexity},
  volume={15},
  number={4},
  pages={557--574},
  year={1999},
  publisher={Elsevier}
}

@inproceedings{feige2002relations,
  title={Relations between average case complexity and approximation complexity},
  author={Feige, Uriel},
  booktitle={Proceedings of the thiry-fourth annual ACM symposium on Theory of computing},
  pages={534--543},
  year={2002}
}

@inproceedings{li2021hierarchical,
  title={On the hierarchical community structure of practical Boolean formulas},
  author={Li, Chunxiao and Chung, Jonathan and Mukherjee, Soham and Vinyals, Marc and Fleming, Noah and Kolokolova, Antonina and Mu, Alice and Ganesh, Vijay},
  booktitle={Theory and Applications of Satisfiability Testing--SAT 2021: 24th International Conference, Barcelona, Spain, July 5-9, 2021, Proceedings 24},
  pages={359--376},
  year={2021},
  organization={Springer}
}

@misc{f_information,
    title={f-divergences},
    author={Yury Polyanskiy},
    note={Lecture notes},
    url={https://people.lids.mit.edu/yp/homepage/data/LN_fdiv.pdf}
}

@inproceedings{freer2010probabilistic,
  title={When are probabilistic programs probably computationally tractable},
  author={Freer, Cameron E and Mansinghka, Vikash K and Roy, Daniel M},
  booktitle={NIPS Workshop on Monte Carlo Methods for Modern Applications},
  year={2010}
}